<record><leader>00000cas a22000007a 4500</leader><controlfield tag="001">21365358</controlfield><controlfield tag="008">900412d19411941maudn ne      0    0eng d</controlfield><datafield ind1=" " ind2=" " tag="010"><subfield code="a">sn 89062335 </subfield></datafield><datafield ind1=" " ind2=" " tag="040"><subfield code="a">MGN</subfield><subfield code="b">eng</subfield><subfield code="c">MGN</subfield><subfield code="d">OCL</subfield><subfield code="d">OCLCQ</subfield></datafield><datafield ind1=" " ind2=" " tag="042"><subfield code="a">msc</subfield></datafield><datafield ind1="0" ind2="4" tag="245"><subfield code="a">The Lowell sun and Lowell citizen-leader.</subfield></datafield><datafield ind1=" " ind2=" " tag="260"><subfield code="a">Lowell, Mass. :</subfield><subfield code="b">[s.n.]</subfield></datafield><datafield ind1=" " ind2=" " tag="300"><subfield code="a">v.</subfield></datafield><datafield ind1=" " ind2=" " tag="310"><subfield code="a">Daily (except Sun.)</subfield></datafield><datafield ind1="0" ind2=" " tag="362"><subfield code="a">63rd year, no. 123 (May 26, 1941)-63rd year, no. 251 (Oct. 27, 1941).</subfield></datafield><datafield ind1=" " ind2=" " tag="752"><subfield code="a">United States</subfield><subfield code="b">Massachusetts</subfield><subfield code="c">Middlesex</subfield><subfield code="d">Lowell.</subfield></datafield><datafield ind1="0" ind2="4" tag="780"><subfield code="t">Lowell sun (Lowell, Mass. : 1896)</subfield><subfield code="w">(DLC)sn 89062334</subfield></datafield><datafield ind1="0" ind2="4" tag="780"><subfield code="t">Lowell citizen-leader</subfield><subfield code="w">(DLC)sn 89062325</subfield></datafield><datafield ind1="0" ind2="0" tag="785"><subfield code="t">Lowell sun and citizen-leader</subfield><subfield code="w">(DLC)sn 89062336</subfield></datafield></record>